<?xml version="1.0"?>
<collection>
  <record>
    <controlfield tag="008"> eng </controlfield>
    <controlfield tag="001">111111111111111111</controlfield>
    <datafield tag="245" ind1="1" ind2="3">
      <subfield code="a">Edge cases :</subfield>
      <subfield code="b">miscellaneous &amp; sundry /</subfield>
      <subfield code="c">by Emory Catalogers ; with multiple examples.</subfield>
    </datafield>
    <!-- from mmsid 990007091960302486 -->
    <datafield tag="240" ind1="1" ind2="0">
      <subfield code="a">Belle geôlière.</subfield>
    </datafield>
    <!-- from mmsid 9936829718402486 -->
    <datafield tag="264" ind1=" " ind2="1">
      <subfield code="a">London :</subfield>
      <subfield code="b">Chatto &amp; Windus, Piccadilly,</subfield>
    </datafield>
    <datafield tag="264" ind1=" " ind2="3">
      <subfield code="a">London and Beccles :</subfield>
      <subfield code="b">Printed by William Clowes and Sons, Limited.</subfield>
    </datafield>
    <!--from mmsid 990020056740302486-->
    <datafield tag="600" ind1="0" ind2="0">
      <subfield code="a">Mary,</subfield>
      <subfield code="c">Queen of Scots,</subfield>
      <subfield code="d">1542-1587</subfield>
    </datafield>
    <datafield tag="600" ind1="1" ind2="0">
      <subfield code="a">Bothwell, James Hepburn,</subfield>
      <subfield code="c">Earl of,</subfield>
      <subfield code="d">1536?-1578</subfield>
    </datafield>
    <!--from mmsid 990015285710302486-->
    <datafield tag="611" ind1="2" ind2="0">
      <subfield code="a">International Exhibition</subfield>
      <subfield code="d">(1862 :</subfield>
      <subfield code="c">London, England)</subfield>
    </datafield>
    <!--from mmsid 990019379060302486-->
    <datafield tag="650" ind1=" " ind2="0">
      <subfield code="a">Aristocracy (Social class)</subfield>
      <subfield code="v">Fiction.</subfield>
    </datafield>
    <datafield tag="650" ind1=" " ind2="0">
      <subfield code="a">Upper class families</subfield>
      <subfield code="v">Fiction.</subfield>
    </datafield>
    <datafield tag="651" ind1=" " ind2="0">
      <subfield code="a">London (England)</subfield>
      <subfield code="v">Fiction.</subfield>
    </datafield>
    <datafield tag="650" ind1=" " ind2="0">
      <subfield code="a">Dandies</subfield>
      <subfield code="v">Fiction.</subfield>
    </datafield>
    <!-- from mmsid 9936829718402486 -->
    <datafield tag="700" ind1="1" ind2=" ">
      <subfield code="a">Topp, Chester W.,</subfield>
      <subfield code="e">collector.</subfield>
    </datafield>
    <datafield tag="710" ind1="2" ind2=" ">
      <subfield code="a">Chatto &amp; Windus (Firm),</subfield>
      <subfield code="e">publisher.</subfield>
    </datafield>
    <datafield tag="710" ind1="2" ind2=" ">
      <subfield code="a">William Clowes and Sons,</subfield>
      <subfield code="e">printer.</subfield>
    </datafield>
    <!--from mmsid 990020983590302486-->
    <datafield tag="830" ind1=" " ind2="0">
      <subfield code="a">Routledge's railway library.</subfield>
    </datafield>
    <datafield tag="830" ind1=" " ind2="0">
      <subfield code="a">Jarrolds' railway library.</subfield>
    </datafield>
  </record>