
  <record>
    <controlfield tag="008"> eng </controlfield>
    <controlfield tag="001">990017826870302486</controlfield>
    <datafield tag="090" ind1=" " ind2=" ">
      <subfield code="a">QL555.G7</subfield>
      <subfield code="b">W85</subfield>
    </datafield>
    <datafield tag="100" ind1="1" ind2=" ">
      <subfield code="a">Wood, J. G.</subfield>
      <subfield code="q">(John George),</subfield>
      <subfield code="d">1827-1889.</subfield>
    </datafield>
    <datafield tag="245" ind1="1" ind2="4">
      <subfield code="a">The common moths of England /</subfield>
      <subfield code="c">
        by J.G. Wood ; with illustrations by E. Smith, T.W. Wood, and W.S. Coleman.
      </subfield>
    </datafield>
    <datafield tag="264" ind1=" " ind2="1">
      <subfield code="a">London :</subfield>
      <subfield code="b">G. Routledge and Sons,</subfield>
      <subfield code="c">[1870]</subfield>
    </datafield>
    <datafield tag="300" ind1=" " ind2=" ">
      <subfield code="a">154 pages, 12 leaves of plates :</subfield>
      <subfield code="b">illustrations ;</subfield>
      <subfield code="c">17 cm.</subfield>
    </datafield>
    <datafield tag="490" ind1="1" ind2=" ">
      <subfield code="a">Books for the country</subfield>
    </datafield>
    <datafield tag="500" ind1=" " ind2=" ">
      <subfield code="a">Bound in illustrated paper-covered boards.</subfield>
    </datafield>
    <datafield tag="500" ind1=" " ind2=" ">
      <subfield code="a">Date of publication from Topp.</subfield>
    </datafield>
    <datafield tag="500" ind1=" " ind2=" ">
      <subfield code="a">Includes index.</subfield>
    </datafield>
    <datafield tag="583" ind1=" " ind2=" ">
      <subfield code="c">2009</subfield>
    </datafield>
    <datafield tag="590" ind1=" " ind2=" ">
      <subfield code="a">
        Manuscript, Archives, and Rare Book Library copy 1 is ca. 1873 issue with peach-colored boards and "One shilling, with twelve plates" at head of cover; from the collection of Chester W. Topp.
      </subfield>
    </datafield>
    <datafield tag="590" ind1=" " ind2=" ">
      <subfield code="a">
        Manuscript, Archives, and Rare Book Library copy 2 is ca. 1875 issue with yellow boards, "Books for the country" at head of cover and "44" at foot of cover illustration.
      </subfield>
    </datafield>
    <datafield tag="590" ind1=" " ind2=" ">
      <subfield code="a">
        Manuscript, Archives, and Rare Book Library copy 3 is ca. 1877 issue with yellow boards and "Price one shilling" at head of cover.
      </subfield>
    </datafield>
    <datafield tag="590" ind1=" " ind2=" ">
      <subfield code="a">
        Manuscript, Archives, and Rare Book Library copy 4 is ca. 1882 issue with light blue boards, "Books for the country" at head of cover and "44" at foot of cover illustration; from the collection of Chester W. Topp.
      </subfield>
    </datafield>
    <datafield tag="590" ind1=" " ind2=" ">
      <subfield code="a">
        The online edition of this book in the public domain, i.e., not protected by copyright, has been produced by the Emory University Digital Library Publications Program.
      </subfield>
    </datafield>
    <datafield tag="650" ind1=" " ind2="0">
      <subfield code="a">Moths</subfield>
      <subfield code="z">Great Britain.</subfield>
    </datafield>
    <datafield tag="655" ind1=" " ind2="7">
      <subfield code="a">Yellowbacks.</subfield>
    </datafield>
    <datafield tag="700" ind1="1" ind2=" ">
      <subfield code="a">Smith, E.,</subfield>
      <subfield code="e">illustrator.</subfield>
    </datafield>
    <datafield tag="700" ind1="1" ind2=" ">
      <subfield code="a">Wood, Thomas Waterman,</subfield>
      <subfield code="d">1823-1903,</subfield>
      <subfield code="e">illustrator.</subfield>
    </datafield>
    <datafield tag="700" ind1="1" ind2=" ">
      <subfield code="a">Coleman, W. S.</subfield>
      <subfield code="q">(William Stephen),</subfield>
      <subfield code="d">1829-1904,</subfield>
      <subfield code="e">illustrator.</subfield>
    </datafield>
    <datafield tag="710" ind1="2" ind2=" ">
      <subfield code="a">George Routledge and Sons.</subfield>
    </datafield>
    <datafield tag="700" ind1="1" ind2=" ">
      <subfield code="a">Topp, Chester W.,</subfield>
      <subfield code="e">collector.</subfield>
    </datafield>
    <datafield tag="710" ind1="2" ind2=" ">
      <subfield code="a">
        Chester W. Topp collection of Victorian yellowbacks and paperbacks (Emory University. MARBL)
      </subfield>
    </datafield>
    <datafield tag="830" ind1=" " ind2="0">
      <subfield code="a">Books for the country.</subfield>
    </datafield>
    <datafield tag="856" ind1="4" ind2="1">
      <subfield code="u">http://pid.emory.edu/ark:/25593/7st4v/IA</subfield>
      <subfield code="y">Internet Archive version</subfield>
    </datafield>
    <datafield tag="856" ind1="4" ind2="1">
      <subfield code="u">http://pid.emory.edu/ark:/25593/7st50/IA</subfield>
      <subfield code="y">Internet Archive version</subfield>
    </datafield>
  </record>