
  <record>
    <controlfield tag="008"> eng </controlfield>
    <controlfield tag="001">990015328360302486</controlfield>
    <datafield tag="041" ind1="0" ind2=" ">
      <subfield code="a">eng</subfield>
    </datafield>
    <datafield tag="100" ind1="1" ind2=" ">
      <subfield code="a">Twain, Mark,</subfield>
      <subfield code="d">1835-1910.</subfield>
    </datafield>
    <datafield tag="240" ind1="1" ind2="0">
      <subfield code="a">Works.</subfield>
    </datafield>
    <datafield tag="245" ind1="1" ind2="0">
      <subfield code="a">Choice bits from Mark Twain.</subfield>
    </datafield>
    <datafield tag="264" ind1=" " ind2="1">
      <subfield code="a">London :</subfield>
      <subfield code="b">Diprose &amp; Bateman,</subfield>
      <subfield code="c">[1885?]</subfield>
    </datafield>
    <datafield tag="300" ind1=" " ind2=" ">
      <subfield code="a">192 pages ;</subfield>
      <subfield code="c">17 cm</subfield>
    </datafield>
    <datafield tag="500" ind1=" " ind2=" ">
      <subfield code="a">Title vignette (portrait)</subfield>
    </datafield>
    <datafield tag="500" ind1=" " ind2=" ">
      <subfield code="a">Bound in illustrated paper-covered boards.</subfield>
    </datafield>
    <datafield tag="505" ind1="0" ind2=" ">
      <subfield code="a">
        Autobiography -- Memoranda -- The facts in the case of the great beef contract -- Mark Twain's first interview with Artemus Ward -- Baker's cat -- The story of the good little boy who did not prosper -- Story of the bad little boy -- Soda water -- How I edited an agricultural paper -- The undertaker's story -- Running for governor -- Wit inspirations of the"Two-year-olds" -- A story of haunting horror -- The echo that didn't answer -- A shocking story -- Mark Twain's fine old man -- Mark Twain's remarkable stranger -- A whopper -- Mark Twain's tone-imparting committee -- Rigging the market -- Extraordinary fishing -- Mark Twain at Niagara Falls -- Sending them through -- A curious dream -- Rev. Henry Ward Beecher's farm -- A new Beecher church -- Personal habits of the Siamese twins -- The jumping frog -- "History repeats itself."
      </subfield>
    </datafield>
    <datafield tag="583" ind1="1" ind2=" ">
      <subfield code="c">2008</subfield>
    </datafield>
    <datafield tag="590" ind1=" " ind2=" ">
      <subfield code="a">
        The online edition of this book in the public domain, i.e., not protected by copyright, has been produced by the Emory University Digital Library Publications Program.
      </subfield>
    </datafield>
    <datafield tag="655" ind1=" " ind2="7">
      <subfield code="a">Yellowbacks.</subfield>
    </datafield>
    <datafield tag="856" ind1="4" ind2="1">
      <subfield code="u">http://pid.emory.edu/ark:/25593/4c1gx/IA</subfield>
      <subfield code="y">Internet Archive version</subfield>
    </datafield>
  </record>