
  <record>
    <controlfield tag="008"> eng </controlfield>
    <controlfield tag="001">990015185390302486</controlfield>
    <datafield tag="100" ind1="1" ind2=" ">
      <subfield code="a">Sketchley, Arthur,</subfield>
      <subfield code="d">1817-1882.</subfield>
    </datafield>
    <datafield tag="245" ind1="1" ind2="0">
      <subfield code="a">Mrs. Brown at the Crystal Palace /</subfield>
      <subfield code="c">by Arthur Sketchley.</subfield>
    </datafield>
    <datafield tag="264" ind1=" " ind2="1">
      <subfield code="a">London :</subfield>
      <subfield code="b">G. Routledge and Sons,</subfield>
      <subfield code="c">[1875]</subfield>
    </datafield>
    <datafield tag="300" ind1=" " ind2=" ">
      <subfield code="a">156 pages ;</subfield>
      <subfield code="c">17 cm</subfield>
    </datafield>
    <datafield tag="500" ind1=" " ind2=" ">
      <subfield code="a">Bound in illustrated paper-covered boards.</subfield>
    </datafield>
    <datafield tag="500" ind1=" " ind2=" ">
      <subfield code="a">Date of publication from Topp.</subfield>
    </datafield>
    <datafield tag="583" ind1=" " ind2=" ">
      <subfield code="c">2009</subfield>
    </datafield>
    <datafield tag="590" ind1=" " ind2=" ">
      <subfield code="a">
        The online edition of this book in the public domain, i.e., not protected by copyright, has been produced by the Emory University Digital Library Publications Program.
      </subfield>
    </datafield>
    <datafield tag="610" ind1="2" ind2="0">
      <subfield code="a">Crystal Palace (Sydenham, London, England)</subfield>
    </datafield>
    <datafield tag="655" ind1=" " ind2="7">
      <subfield code="a">Yellowbacks.</subfield>
    </datafield>
    <datafield tag="710" ind1="2" ind2=" ">
      <subfield code="a">George Routledge and Sons.</subfield>
    </datafield>
    <datafield tag="856" ind1="4" ind2="1">
      <subfield code="u">http://pid.emory.edu/ark:/25593/4cpj5/IA</subfield>
      <subfield code="y">Internet Archive version</subfield>
    </datafield>
  </record>