
  <record>
    <controlfield tag="008"> eng </controlfield>
    <controlfield tag="001">990024722450302486</controlfield>
    <datafield tag="100" ind1="1" ind2=" ">
      <subfield code="a">Shakespeare, William,</subfield>
      <subfield code="d">1564-1616.</subfield>
    </datafield>
    <datafield tag="245" ind1="1" ind2="0">
      <subfield code="a">Shakespeare's comedy of The merchant of Venice /</subfield>
      <subfield code="c">with preface, glossary, &amp;c. by Israel Gollancz.</subfield>
    </datafield>
    <datafield tag="250" ind1=" " ind2=" ">
      <subfield code="a">5th edition.</subfield>
    </datafield>
    <datafield tag="264" ind1=" " ind2="1">
      <subfield code="a">London :</subfield>
      <subfield code="b">J.M. Dent,</subfield>
      <subfield code="c">1898.</subfield>
    </datafield>
    <datafield tag="300" ind1=" " ind2=" ">
      <subfield code="a">pages ;</subfield>
      <subfield code="c">cm</subfield>
    </datafield>
    <datafield tag="490" ind1="1" ind2=" ">
      <subfield code="a">The Temple Shakespeare</subfield>
    </datafield>
    <datafield tag="583" ind1="1" ind2=" ">
      <subfield code="c">2009</subfield>
    </datafield>
    <datafield tag="590" ind1=" " ind2=" ">
      <subfield code="a">
        The online edition of this book in the public domain, i.e., not protected by copyright, has been produced by the Emory University Digital Library Publications Program.
      </subfield>
    </datafield>
    <datafield tag="590" ind1=" " ind2=" ">
      <subfield code="a">
        Manuscript, Archives, and Rare Book Library copy from the library of Ted Hughes.
      </subfield>
    </datafield>
    <datafield tag="700" ind1="1" ind2=" ">
      <subfield code="a">Gollancz, Israel,</subfield>
      <subfield code="d">1864-1930.</subfield>
    </datafield>
    <datafield tag="700" ind1="1" ind2=" ">
      <subfield code="a">Hughes, Ted,</subfield>
      <subfield code="d">1930-1998,</subfield>
      <subfield code="e">former owner.</subfield>
    </datafield>
    <datafield tag="710" ind1="2" ind2=" ">
      <subfield code="a">
        Ted Hughes Library (Emory University. General Libraries)
      </subfield>
    </datafield>
    <datafield tag="856" ind1="4" ind2="1">
      <subfield code="u">http://pid.emory.edu/ark:/25593/7stsg/IA</subfield>
      <subfield code="y">Internet Archive version</subfield>
    </datafield>
  </record>
</collection>
